@InProceedings{Basavala2012,
  author    = {Sreenivasa Rao Basavala and Narendra Kumar and Alok Agarrwal},
  booktitle = {2012 2nd {IEEE} International Conference on Parallel, Distributed and Grid Computing},
  date      = {2012-12},
  title     = {Authentication: An overview, its types and integration with web and mobile applications},
  usera     = {Authentication Overview},
  doi       = {10.1109/pdgc.2012.6449853},
  publisher = {{IEEE}},
  owner     = {luisp},
}

@Article{Gao2020,
  author       = {Yansong Gao and Said F. Al-Sarawi and Derek Abbott},
  date         = {2020-02},
  journaltitle = {Nature Electronics},
  title        = {Physical unclonable functions},
  doi          = {10.1038/s41928-020-0372-5},
  number       = {2},
  pages        = {81--91},
  volume       = {3},
  file         = {:/home/luisp/nextcloud/ba_pdfs/Gao_PUFs.pdf:PDF},
  owner        = {luisp},
  publisher    = {Springer Science and Business Media {LLC}},
}

@Article{Peffers2007,
  author       = {Ken Peffers and Tuure Tuunanen and Marcus A. Rothenberger and Samir Chatterjee},
  date         = {2007-12},
  journaltitle = {Journal of Management Information Systems},
  title        = {A Design Science Research Methodology for Information Systems Research},
  doi          = {10.2753/mis0742-1222240302},
  number       = {3},
  pages        = {45--77},
  volume       = {24},
  owner        = {luisp},
  publisher    = {Informa {UK} Limited},
}

@InProceedings{Suh2007,
  author    = {Suh, G and Devadas, Srinivas},
  booktitle = {Proceedings of the 44th annual conference on Design automation - DAC '07},
  date      = {2007},
  title     = {Physical unclonable functions for device authentication and secret key generation},
  doi       = {10.1145/1278480.1278484},
  pages     = {9--14},
  publisher = {ACM Press},
  owner     = {luisp},
}

@Article{Herder2014,
  author       = {Charles Herder and Meng-Day Yu and Farinaz Koushanfar and Srinivas Devadas},
  date         = {2014-08},
  journaltitle = {Proceedings of the {IEEE}},
  title        = {Physical Unclonable Functions and Applications: A Tutorial},
  doi          = {10.1109/jproc.2014.2320516},
  number       = {8},
  pages        = {1126--1141},
  volume       = {102},
  file         = {:/home/luisp/nextcloud/ba_pdfs/Herder_PUFs.pdf:PDF},
  owner        = {luisp},
  publisher    = {Institute of Electrical and Electronics Engineers ({IEEE})},
}

@InProceedings{Devadas2008,
  author    = {Srinivas Devadas and Edward Suh and Sid Paral and Richard Sowell and Tom Ziola and Vivek Khandelwal},
  booktitle = {2008 {IEEE} International Conference on {RFID}},
  date      = {2008-04},
  title     = {Design and Implementation of {PUF}-Based "Unclonable" {RFID} {ICs} for Anti-Counterfeiting and Security Applications},
  doi       = {10.1109/rfid.2008.4519377},
  publisher = {{IEEE}},
  owner     = {luisp},
}

@InProceedings{Yilmaz2018,
  author    = {Yildiran Yilmaz and Steve R. Gunn and Basel Halak},
  booktitle = {2018 {IEEE} 3rd International Verification and Security Workshop ({IVSW})},
  date      = {2018-07},
  title     = {Lightweight {PUF}-Based Authentication Protocol for {IoT} Devices},
  doi       = {10.1109/ivsw.2018.8494884},
  publisher = {{IEEE}},
  comment   = {Citations: 023},
  file      = {:/home/luisp/nextcloud/ba_pdfs/Lightweight_Authentication_Protocol_Yilmaz_2018.pdf:PDF},
  owner     = {luisp},
}

@Article{Fox2009,
  author       = {Dirk Fox},
  date         = {2009-09},
  journaltitle = {Datenschutz und Datensicherheit - {DuD}},
  title        = {Hardware Security Module ({HSM})},
  doi          = {10.1007/s11623-009-0145-9},
  number       = {9},
  pages        = {564--564},
  volume       = {33},
  groups       = {Bachelorarbeit Borstelmann},
  owner        = {luisp},
  publisher    = {Springer Science and Business Media {LLC}},
}

@Article{Obermaier2018,
  author       = {Johannes Obermaier and Vincent Immler},
  date         = {2018-08},
  journaltitle = {Journal of Hardware and Systems Security},
  title        = {The Past, Present, and Future of Physical Security Enclosures: From Battery-Backed Monitoring to {PUF}-Based Inherent Security and Beyond},
  doi          = {10.1007/s41635-018-0045-2},
  number       = {4},
  pages        = {289--296},
  volume       = {2},
  groups       = {Bachelorarbeit Borstelmann},
  owner        = {luisp},
  publisher    = {Springer Science and Business Media {LLC}},
}

@Report{NIST2001,
  author = {National Institute of Standards and Technology},
  date   = {2001},
  title  = {SECURITY REQUIREMENTS FOR CRYPTOGRAPHIC MODULES},
  url    = {https://nvlpubs.nist.gov/nistpubs/FIPS/NIST.FIPS.140-2.pdf},
  groups = {Bachelorarbeit Borstelmann},
  owner  = {luisp},
}

@Article{Pappu2002,
  author       = {Ravikanth Pappu and Ben Recht and Jason Taylor and Neil Gershenfeld},
  date         = {2002-09},
  journaltitle = {Science},
  title        = {Physical One-Way Functions},
  doi          = {10.1126/science.1074376},
  number       = {5589},
  pages        = {2026--2030},
  volume       = {297},
  file         = {:/home/luisp/nextcloud/ba_pdfs/Pappu_2002.pdf:PDF},
  groups       = {Bachelorarbeit Borstelmann},
  owner        = {luisp},
  publisher    = {American Association for the Advancement of Science ({AAAS})},
}

@InCollection{Skoric2005,
  author    = {B. {\v{S}}kori{\'{c}} and P. Tuyls and W. Ophey},
  booktitle = {Applied Cryptography and Network Security},
  date      = {2005},
  title     = {Robust Key Extraction from Physical Uncloneable Functions},
  doi       = {10.1007/11496137_28},
  pages     = {407--422},
  publisher = {Springer Berlin Heidelberg},
  file      = {:/home/luisp/nextcloud/ba_pdfs/Robust_Key_Extraction_Skoric_2005.pdf:PDF},
  groups    = {Bachelorarbeit Borstelmann},
  owner     = {luisp},
}

@WWW{Ardis2019,
  author = {Kristopher Ardis},
  date   = {2019-02-01},
  title  = {Demystifying the Physically Unclonable Function (PUF)},
  url    = {https://embeddedcomputing.com/technology/processing/semiconductor-ip/demystifying-the-physically-unclonable-function-puf},
  groups = {Bachelorarbeit Borstelmann},
  owner  = {luisp},
}

@Book{Tilborg2011,
  date      = {2011},
  title     = {Encyclopedia of Cryptography and Security},
  doi       = {10.1007/978-1-4419-5906-5},
  editor    = {Henk C. A. van Tilborg and Sushil Jajodia},
  publisher = {Springer {US}},
  file      = {:/home/luisp/nextcloud/ba_pdfs/Tilborg_2011_Encyclopedia_Cryptography.pdf:PDF},
  groups    = {Bachelorarbeit Borstelmann},
  owner     = {luisp},
}

@Book{Maes2013,
  author    = {Roel Maes},
  date      = {2013},
  title     = {Physically Unclonable Functions},
  doi       = {10.1007/978-3-642-41395-7},
  publisher = {Springer Berlin Heidelberg},
  file      = {:/home/luisp/nextcloud/ba_pdfs/Maes_2013_PUFs.pdf:PDF},
  groups    = {Bachelorarbeit Borstelmann},
  owner     = {luisp},
}

@InCollection{Guajardo,
  author    = {Jorge Guajardo and Sandeep S. Kumar and Geert-Jan Schrijen and Pim Tuyls},
  booktitle = {Cryptographic Hardware and Embedded Systems - {CHES} 2007},
  title     = {{FPGA} Intrinsic {PUFs} and Their Use for {IP} Protection},
  doi       = {10.1007/978-3-540-74735-2_5},
  pages     = {63--80},
  publisher = {Springer Berlin Heidelberg},
  file      = {:/home/luisp/nextcloud/ba_pdfs/Guajardo.pdf:PDF},
  groups    = {Bachelorarbeit Borstelmann},
  owner     = {luisp},
}

@InProceedings{Ruhrmair2014,
  author    = {Ulrich Ruhrmair and Daniel E. Holcomb},
  booktitle = {Design, Automation {\&}amp$\mathsemicolon$ Test in Europe Conference {\&}amp$\mathsemicolon$ Exhibition ({DATE}), 2014},
  date      = {2014},
  title     = {{PUFs} at a glance},
  doi       = {10.7873/date.2014.360},
  publisher = {{IEEE} Conference Publications},
  file      = {:/home/luisp/nextcloud/ba_pdfs/Ruhrmair_2014_PUFs_at_a_glance.pdf:PDF},
  groups    = {Bachelorarbeit Borstelmann},
  owner     = {luisp},
}

@Article{McGrath2019,
  author       = {Thomas McGrath and Ibrahim E. Bagci and Zhiming M. Wang and Utz Roedig and Robert J. Young},
  date         = {2019-03},
  journaltitle = {Applied Physics Reviews},
  title        = {A {PUF} taxonomy},
  doi          = {10.1063/1.5079407},
  number       = {1},
  pages        = {011303},
  volume       = {6},
  file         = {:/home/luisp/nextcloud/ba_pdfs/McGrath_PUF_Taxonomy.pdf:PDF},
  groups       = {Bachelorarbeit Borstelmann},
  owner        = {luisp},
  publisher    = {{AIP} Publishing},
}

@Article{Delvaux2015,
  author       = {Jeroen Delvaux and Dawu Gu and Dries Schellekens and Ingrid Verbauwhede},
  date         = {2015-06},
  journaltitle = {{IEEE} Transactions on Computer-Aided Design of Integrated Circuits and Systems},
  title        = {Helper Data Algorithms for {PUF}-Based Key Generation: Overview and Analysis},
  doi          = {10.1109/tcad.2014.2370531},
  number       = {6},
  pages        = {889--902},
  volume       = {34},
  groups       = {Bachelorarbeit Borstelmann},
  owner        = {luisp},
  publisher    = {Institute of Electrical and Electronics Engineers ({IEEE})},
}

@InCollection{Dodis2004,
  author    = {Yevgeniy Dodis and Leonid Reyzin and Adam Smith},
  booktitle = {Advances in Cryptology - {EUROCRYPT} 2004},
  date      = {2004},
  title     = {Fuzzy Extractors: How to Generate Strong Keys from Biometrics and Other Noisy Data},
  doi       = {10.1007/978-3-540-24676-3_31},
  pages     = {523--540},
  publisher = {Springer Berlin Heidelberg},
  file      = {:/home/luisp/nextcloud/ba_pdfs/Fuzzy_Extractors_Dodis_2004.pdf:PDF},
  groups    = {Bachelorarbeit Borstelmann},
  owner     = {luisp},
}

@Article{Merli2012,
  author       = {Dominik Merli and Georg Sigl},
  date         = {2012-11},
  journaltitle = {Datenschutz und Datensicherheit - {DuD}},
  title        = {Physical Unclonable Functions},
  doi          = {10.1007/s11623-012-0294-0},
  number       = {12},
  pages        = {876--880},
  volume       = {36},
  file         = {:/home/luisp/nextcloud/ba_pdfs/Merli_2012_PUF_Datenschutz_Sicherheit.pdf:PDF},
  groups       = {Bachelorarbeit Borstelmann},
  owner        = {luisp},
  publisher    = {Springer Science and Business Media {LLC}},
}

@InProceedings{Rioul2016,
  author    = {Olivier Rioul and Patrick Sole and Sylvain Guilley and Jean-Luc Danger},
  booktitle = {2016 {IEEE} International Symposium on Information Theory ({ISIT})},
  date      = {2016-07},
  title     = {On the entropy of Physically Unclonable Functions},
  doi       = {10.1109/isit.2016.7541835},
  publisher = {{IEEE}},
  groups    = {Bachelorarbeit Borstelmann},
  owner     = {luisp},
}

@Article{Katzenbeisser2012,
  author       = {Stefan Katzenbeisser and Andr{\'{e}} Schaller},
  date         = {2012-11},
  journaltitle = {Datenschutz und Datensicherheit - {DuD}},
  title        = {Physical Unclonable Functions},
  doi          = {10.1007/s11623-012-0295-z},
  number       = {12},
  pages        = {881--885},
  volume       = {36},
  file         = {:/home/luisp/nextcloud/ba_pdfs/Katzenbeisser_2012_PUFs_Datenschutz_Sicherheit.pdf:PDF},
  groups       = {Bachelorarbeit Borstelmann},
  owner        = {luisp},
  publisher    = {Springer Science and Business Media {LLC}},
}

@Book{Boehm2013,
  author    = {Christoph Böhm and Maximilian Hofer},
  date      = {2013},
  title     = {Physical Unclonable Functions in Theory and Practice},
  doi       = {10.1007/978-1-4614-5040-5},
  publisher = {Springer New York},
  file      = {:/home/luisp/nextcloud/ba_pdfs/Böhm_2013_PUFs_in_Theory_and_Practice.pdf:PDF},
  groups    = {Bachelorarbeit Borstelmann},
  owner     = {luisp},
}

@InCollection{Ruehrmair2010,
  author    = {Ulrich Rührmair and Heike Busch and Stefan Katzenbeisser},
  booktitle = {Information Security and Cryptography},
  date      = {2010},
  title     = {Strong {PUFs}: Models, Constructions, and Security Proofs},
  doi       = {10.1007/978-3-642-14452-3_4},
  pages     = {79--96},
  publisher = {Springer Berlin Heidelberg},
  file      = {:/home/luisp/nextcloud/ba_pdfs/Rührmair_2010.pdf:PDF},
  owner     = {luisp},
}

@WWW{Auth0,
  author  = {{{Auth0 Inc.}}},
  title   = {Authentication vs. Authorization},
  url     = {https://auth0.com/docs/get-started/identity-fundamentals/authentication-and-authorization},
  urldate = {2022-08-20},
  owner   = {luisp},
  usera   = {AuthN vs. AuthZ},
}

@Article{Baashirah2018,
  author       = {Rania Baashirah and Abdelshakour Abuzneid},
  date         = {2018-10},
  journaltitle = {Sensors},
  title        = {Survey on Prominent {RFID} Authentication Protocols for Passive Tags},
  doi          = {10.3390/s18103584},
  number       = {10},
  pages        = {3584},
  volume       = {18},
  file         = {:/home/luisp/nextcloud/ba_pdfs/Baashirah_2018_RFID_Auth_Survey.pdf:PDF},
  owner        = {luisp},
  publisher    = {{MDPI} {AG}},
}

@Article{Ibrahim2017,
  author       = {Alaauldin Ibrahim and Gokhan Dalk{\i}l{\i}c},
  date         = {2017-12},
  journaltitle = {Wireless Networks},
  title        = {Review of different classes of {RFID} authentication protocols},
  doi          = {10.1007/s11276-017-1638-3},
  number       = {3},
  pages        = {961--974},
  volume       = {25},
  file         = {:/home/luisp/nextcloud/ba_pdfs/Ibrahim-2017_Review_RFID_Authentication_Classes.pdf:PDF},
  owner        = {luisp},
  publisher    = {Springer Science and Business Media {LLC}},
}

@Book{Walz1992,
  date      = {1992},
  title     = {Handbuch der Sicherheitstechnik},
  doi       = {10.1007/978-3-642-95683-6},
  editor    = {Georg Walz},
  publisher = {Springer Berlin Heidelberg},
  file      = {:/home/luisp/nextcloud/ba_pdfs/Walz_1992_Handbuch_Sicherheitstechnik.pdf:PDF},
  owner     = {luisp},
}

@MastersThesis{Steffen2012,
  author      = {Alexander Steffen},
  date        = {2012-01},
  institution = {Ruhr-Universität Bochum},
  title       = {Sicherheit Smartcard-basierter Zugangskontrollsysteme},
  file        = {:/home/luisp/nextcloud/ba_pdfs/Steffen_2012_Sicherheit_Smartcard_Zugriffssysteme.pdf:PDF},
  owner       = {luisp},
}

@TechReport{Hu2006,
  author    = {Vincent C Hu and David F Ferraiolo and D Rick Kuhn},
  date      = {2006},
  title     = {Assessment of access control systems},
  doi       = {10.6028/nist.ir.7316},
  file      = {:/home/luisp/nextcloud/ba_pdfs/NIST_2006_Assessment_Access_Control_Systems.pdf:PDF},
  owner     = {luisp},
  publisher = {National Institute of Standards and Technology},
}

@Software{pypuf,
  author    = {Nils Wisiol and Christoph Gräbnitz and Christopher Mühl and Benjamin Zengin and Tudor Soroceanu and Niklas Pirnay and Khalid T. Mursi and Adomas Baliuka},
  title     = {{pypuf: Cryptanalysis of Physically Unclonable Functions}},
  doi       = {10.5281/zenodo.3901410},
  url       = {https://doi.org/10.5281/zenodo.3901410},
  version   = {v2},
  owner     = {luisp},
  publisher = {Zenodo},
  year      = {2021},
}

@InProceedings{Lee,
  author    = {J.W. Lee and Daihyun Lim and B. Gassend and G.E. Suh and M. van Dijk and S. Devadas},
  booktitle = {2004 Symposium on {VLSI} Circuits. Digest of Technical Papers ({IEEE} Cat. No.04CH37525)},
  title     = {A technique to build a secret key in integrated circuits for identification and authentication applications},
  doi       = {10.1109/vlsic.2004.1346548},
  publisher = {Widerkehr and Associates},
  file      = {:/home/luisp/nextcloud/ba_pdfs/Lee_2004_Arbiter_PUF.pdf:PDF},
  owner     = {luisp},
}

@Misc{Shahoei2014,
  author    = {Hiva Shahoei and Jianping Yao},
  date      = {2014-12},
  title     = {Delay Lines},
  doi       = {10.1002/047134608x.w8234},
  owner     = {luisp},
  pages     = {1--15},
  publisher = {John Wiley {\&} Sons, Inc.},
}

@InProceedings{Aysu2013,
  author    = {Aydin Aysu and Nahid Farhady Ghalaty and Zane Franklin and Moein Pahlavan Yali and Patrick Schaumont},
  booktitle = {Proceedings of the Workshop on Embedded Systems Security - {WESS} {\textquotesingle}13},
  date      = {2013},
  title     = {Digital fingerprints for low-cost platforms using {MEMS} sensors},
  doi       = {10.1145/2527317.2527319},
  publisher = {{ACM} Press},
  owner     = {luisp},
}

@Book{Singh2013,
  author    = {Jawar Singh and Saraju P. Mohanty and Dhiraj K. Pradhan},
  date      = {2013},
  title     = {Robust {SRAM} Designs and Analysis},
  doi       = {10.1007/978-1-4614-0818-5},
  publisher = {Springer New York},
  owner     = {luisp},
}

@Article{Bhavnagarwala2001,
  author       = {A.J. Bhavnagarwala and Xinghai Tang and J.D. Meindl},
  date         = {2001-04},
  journaltitle = {{IEEE} Journal of Solid-State Circuits},
  title        = {The impact of intrinsic device fluctuations on {CMOS} {SRAM} cell stability},
  doi          = {10.1109/4.913744},
  number       = {4},
  pages        = {658--665},
  volume       = {36},
  owner        = {luisp},
  publisher    = {Institute of Electrical and Electronics Engineers ({IEEE})},
}

@Article{Yu2008,
  author       = {Paul L. Yu and John S. Baras and Brian M. Sadler},
  date         = {2008},
  journaltitle = {{IEEE} Transactions on Information Forensics and Security},
  title        = {Physical-Layer Authentication},
  doi          = {10.1109/tifs.2007.916273},
  number       = {1},
  pages        = {38--51},
  volume       = {3},
  file         = {:/home/luisp/nextcloud/ba_pdfs/Physical_Layer_Authentication_Yu_2008.pdf:PDF},
  owner        = {luisp},
  publisher    = {Institute of Electrical and Electronics Engineers ({IEEE})},
}

@Book{Halak2021,
  date      = {2021},
  title     = {Authentication of Embedded Devices},
  doi       = {10.1007/978-3-030-60769-2},
  editor    = {Basel Halak},
  publisher = {Springer International Publishing},
  comment   = {Citations: 3},
  file      = {:/home/luisp/nextcloud/ba_pdfs/Authentication_Embedded_Devices_Halak_2021.pdf:PDF},
  groups    = {Springer},
  owner     = {luisp},
}

@Article{Chatterjee2019,
  author       = {Urbi Chatterjee and Vidya Govindan and Rajat Sadhukhan and Debdeep Mukhopadhyay and Rajat Subhra Chakraborty and Debashis Mahata and Mukesh M. Prabhu},
  date         = {2019-05},
  journaltitle = {{IEEE} Transactions on Dependable and Secure Computing},
  title        = {Building {PUF} Based Authentication and Key Exchange Protocol for {IoT} Without Explicit {CRPs} in Verifier Database},
  doi          = {10.1109/tdsc.2018.2832201},
  number       = {3},
  pages        = {424--437},
  volume       = {16},
  comment      = {Citations: 095},
  file         = {:/home/luisp/nextcloud/ba_pdfs/Authentication_Protocol_Chatterjee_2018.pdf:PDF},
  owner        = {luisp},
  publisher    = {Institute of Electrical and Electronics Engineers ({IEEE})},
  ranking      = {rank5},
}

@InCollection{Busch2009,
  author    = {Heike Busch and Stefan Katzenbeisser and Paul Baecher},
  booktitle = {Information Security Applications},
  date      = {2009},
  title     = {{PUF}-Based Authentication Protocols {\textendash} Revisited},
  doi       = {10.1007/978-3-642-10838-9_22},
  pages     = {296--308},
  publisher = {Springer Berlin Heidelberg},
  comment   = {Citations: 15},
  file      = {:/home/luisp/nextcloud/ba_pdfs/PUF-based_Auth_Protocols_Revisited_Busch_2009.pdf:PDF},
  owner     = {luisp},
}

@InCollection{Tuyls2007,
  author    = {Pim Tuyls and Boris {\v{S}}kori{\'{c}}},
  booktitle = {Security, Privacy, and Trust in Modern Data Management},
  date      = {2007},
  title     = {Strong Authentication with Physical Unclonable Functions},
  doi       = {10.1007/978-3-540-69861-6_10},
  pages     = {133--148},
  publisher = {Springer Berlin Heidelberg},
  comment   = {Citations: 34},
  file      = {:/home/luisp/nextcloud/ba_pdfs/Strong_Authentication_with_PUFs_Tuyls_2007.pdf:PDF},
  groups    = {Springer},
  owner     = {luisp},
}

@InCollection{Mall2019,
  author    = {Priyanka Mall and Md Zakirul Alam Bhuiyan and Ruhul Amin},
  booktitle = {Security, Privacy, and Anonymity in Computation, Communication, and Storage},
  date      = {2019},
  title     = {A Lightweight Secure Communication Protocol for {IoT} Devices Using Physically Unclonable Function},
  doi       = {10.1007/978-3-030-24907-6_3},
  pages     = {26--35},
  publisher = {Springer International Publishing},
  comment   = {Citations: 9},
  file      = {:/home/luisp/nextcloud/ba_pdfs/Lightweight_Secure-Communication_Protocol_IoT_PUF_Wang_2019.pdf:PDF},
  groups    = {Springer},
  owner     = {luisp},
}

@InCollection{Herrewege2012,
  author    = {Anthony Van Herrewege and Stefan Katzenbeisser and Roel Maes and Roel Peeters and Ahmad-Reza Sadeghi and Ingrid Verbauwhede and Christian Wachsmann},
  booktitle = {Financial Cryptography and Data Security},
  date      = {2012},
  title     = {Reverse Fuzzy Extractors: Enabling Lightweight Mutual Authentication for {PUF}-Enabled {RFIDs}},
  doi       = {10.1007/978-3-642-32946-3_27},
  pages     = {374--389},
  publisher = {Springer Berlin Heidelberg},
  comment   = {Citations: 92},
  file      = {:/home/luisp/nextcloud/ba_pdfs/Reverse_Fuzzy_Extractors_Authentication_RFID_Van_Herrewege_2012.pdf:PDF},
  groups    = {Springer},
  owner     = {luisp},
}

@InProceedings{Brocke2009,
  author  = {Brocke, Jan vom and Simons, Alexander and Niehaves, Björn and Riemer, Kai and Plattfaut, Ralf and Cleven, Anne},
  title   = {Reconstructing the Giant: On the Importance of Rigour in Documenting the Literature Search Process},
  file    = {:/home/luisp/nextcloud/ba_pdfs/Literature_Review_Brocke_2009.pdf:PDF},
  journal = {http://www.alexandria.unisg.ch/Publikationen/67910},
  month   = {06},
  owner   = {luisp},
  year    = {2009},
}

@Article{Webster2002,
  author    = {Jane Webster and Richard T. Watson},
  title     = {Analyzing the Past to Prepare for the Future: Writing a Literature Review},
  issn      = {02767783},
  number    = {2},
  pages     = {xiii--xxiii},
  url       = {http://www.jstor.org/stable/4132319},
  urldate   = {2022-11-04},
  volume    = {26},
  file      = {:/home/luisp/nextcloud/ba_pdfs/Webster_Watson_Literature_Review_2002.pdf:PDF},
  journal   = {MIS Quarterly},
  owner     = {luisp},
  publisher = {Management Information Systems Research Center, University of Minnesota},
  year      = {2002},
}

@Article{Cooper1988,
  author       = {Harris M. Cooper},
  date         = {1988-03},
  journaltitle = {Knowledge in Society},
  title        = {Organizing knowledge syntheses: A taxonomy of literature reviews},
  doi          = {10.1007/bf03177550},
  number       = {1},
  pages        = {104--126},
  volume       = {1},
  file         = {:/home/luisp/nextcloud/ba_pdfs/Cooper_1988_Taxonomy_Literature_Reviews.pdf:PDF},
  owner        = {luisp},
  publisher    = {Springer Science and Business Media {LLC}},
}

@InProceedings{Abdolinezhad2022,
  author    = {Saeed Abdolinezhad and Axel Sikora},
  booktitle = {2022 {IEEE} International Symposium on Hardware Oriented Security and Trust ({HOST})},
  date      = {2022-06},
  title     = {A Lightweight Mutual Authentication Protocol Based on Physical Unclonable Functions},
  doi       = {10.1109/host54066.2022.9840132},
  publisher = {{IEEE}},
  comment   = {Citations: 000
No access},
  owner     = {luisp},
}

@InProceedings{Majzoobi2012,
  author    = {Mehrdad Majzoobi and Masoud Rostami and Farinaz Koushanfar and Dan S. Wallach and Srinivas Devadas},
  booktitle = {2012 {IEEE} Symposium on Security and Privacy Workshops},
  date      = {2012-05},
  title     = {Slender {PUF} Protocol: A Lightweight, Robust, and Secure Authentication by Substring Matching},
  doi       = {10.1109/spw.2012.30},
  publisher = {{IEEE}},
  comment   = {Citations: 124},
  file      = {:/home/luisp/nextcloud/ba_pdfs/Slender_PUF_Protocol_A_Lightweight_Robust_and_Secure_Authentication_by_Substring_Matching_Majzoobi_2012.pdf:PDF},
  owner     = {luisp},
  ranking   = {rank5},
}

@Article{Gope2018,
  author       = {Prosanta Gope and Jemin Lee and Tony Q. S. Quek},
  date         = {2018-11},
  journaltitle = {{IEEE} Transactions on Information Forensics and Security},
  title        = {Lightweight and Practical Anonymous Authentication Protocol for {RFID} Systems Using Physically Unclonable Functions},
  doi          = {10.1109/tifs.2018.2832849},
  number       = {11},
  pages        = {2831--2843},
  volume       = {13},
  comment      = {Citations: 103},
  file         = {:/home/luisp/nextcloud/ba_pdfs/Lightweight_Authentication_Protocol_Gope_2018.pdf:PDF},
  owner        = {luisp},
  publisher    = {Institute of Electrical and Electronics Engineers ({IEEE})},
  ranking      = {rank5},
}

@Article{Bansal2020,
  author       = {Gaurang Bansal and Naren Naren and Vinay Chamola and Biplab Sikdar and Neeraj Kumar and Mohsen Guizani},
  date         = {2020-07},
  journaltitle = {{IEEE} Transactions on Vehicular Technology},
  title        = {Lightweight Mutual Authentication Protocol for V2G Using Physical Unclonable Function},
  doi          = {10.1109/tvt.2020.2976960},
  number       = {7},
  pages        = {7234--7246},
  volume       = {69},
  comment      = {Citations: 048},
  file         = {:/home/luisp/nextcloud/ba_pdfs/Lightweight_Mutual_Authentication_Protocol_for_V2G_Using_Physical_Unclonable_Function_Bansal_2020.pdf:PDF},
  owner        = {luisp},
  publisher    = {Institute of Electrical and Electronics Engineers ({IEEE})},
  ranking      = {rank5},
}

@Article{Banerjee2019,
  author       = {Soumya Banerjee and Vanga Odelu and Ashok Kumar Das and Samiran Chattopadhyay and Joel J. P. C. Rodrigues and Youngho Park},
  date         = {2019},
  journaltitle = {{IEEE} Access},
  title        = {Physically Secure Lightweight Anonymous User Authentication Protocol for Internet of Things Using Physically Unclonable Functions},
  doi          = {10.1109/access.2019.2926578},
  pages        = {85627--85644},
  volume       = {7},
  comment      = {Citations: 033},
  file         = {:/home/luisp/nextcloud/ba_pdfs/Lightweight Authentication Protocol_Banerjee_2019.pdf:PDF},
  owner        = {luisp},
  publisher    = {Institute of Electrical and Electronics Engineers ({IEEE})},
}

@InProceedings{Pu2020,
  author    = {Cong Pu and Yucheng Li},
  booktitle = {2020 {IEEE} International Symposium on Local and Metropolitan Area Networks ({LANMAN}},
  date      = {2020-07},
  title     = {Lightweight Authentication Protocol for Unmanned Aerial Vehicles Using Physical Unclonable Function and Chaotic System},
  doi       = {10.1109/lanman49260.2020.9153239},
  publisher = {{IEEE}},
  comment   = {Citations: 019},
  file      = {:/home/luisp/nextcloud/ba_pdfs/Lightweight Authentication Protocol_Pu_2020.pdf:PDF},
  owner     = {luisp},
  ranking   = {rank5},
}

@InProceedings{Idriss2017,
  author    = {Tarek Idriss and Magdy Bayoumi},
  booktitle = {2017 {IEEE} International Conference on {RFID} Technology {\&}amp$\mathsemicolon$ Application ({RFID}-{TA})},
  date      = {2017-09},
  title     = {Lightweight highly secure {PUF} protocol for mutual authentication and secret message exchange},
  doi       = {10.1109/rfid-ta.2017.8098893},
  publisher = {{IEEE}},
  comment   = {Citations: 016},
  file      = {:/home/luisp/nextcloud/ba_pdfs/Lightweight Authentication Protocol_Tarek_2017.pdf:PDF},
  owner     = {luisp},
}

@InProceedings{Mahalat2018,
  author    = {Mahabub Hasan Mahalat and Shreya Saha and Anindan Mondal and Bibhash Sen},
  booktitle = {2018 8th International Symposium on Embedded Computing and System Design ({ISED})},
  date      = {2018-12},
  title     = {A {PUF} based Light Weight Protocol for Secure {WiFi} Authentication of {IoT} devices},
  doi       = {10.1109/ised.2018.8703993},
  publisher = {{IEEE}},
  comment   = {Citations: 015},
  file      = {:/home/luisp/nextcloud/ba_pdfs/Lightweight Authentication Protocol_Mahalat_2018.pdf:PDF},
  owner     = {luisp},
}

@Article{Yildiz2021,
  author       = {Husnu Yildiz and Murat Cenk and Ertan Onur},
  date         = {2021-04},
  journaltitle = {{IEEE} Internet of Things Journal},
  title        = {{PLGAKD}: A {PUF}-Based Lightweight Group Authentication and Key Distribution Protocol},
  doi          = {10.1109/jiot.2020.3032757},
  number       = {7},
  pages        = {5682--5696},
  volume       = {8},
  comment      = {Citations: 008},
  file         = {:/home/luisp/nextcloud/ba_pdfs/Lightweight Authentication Protocol_Yildiz_2020.pdf:PDF},
  owner        = {luisp},
  publisher    = {Institute of Electrical and Electronics Engineers ({IEEE})},
}

@Article{Qureshi2022,
  author       = {Mahmood Azhar Qureshi and Arslan Munir},
  date         = {2022-07},
  journaltitle = {{IEEE} Transactions on Dependable and Secure Computing},
  title        = {{PUF}-{RAKE}: A {PUF}-Based Robust and Lightweight Authentication and Key Establishment Protocol},
  doi          = {10.1109/tdsc.2021.3059454},
  number       = {4},
  pages        = {2457--2475},
  volume       = {19},
  comment      = {Citations: 005},
  file         = {:/home/luisp/nextcloud/ba_pdfs/Lightweight Authentication Protocol_Qureshi_2021.pdf:PDF},
  owner        = {luisp},
  publisher    = {Institute of Electrical and Electronics Engineers ({IEEE})},
}

@InProceedings{Liu2019,
  author    = {Donglan Liu and Xin Liu and Hao Zhang and Hao Yu and Wenting Wang and Lei Ma and Jianfei Chen and Dong Li},
  booktitle = {2019 {IEEE} 11th International Conference on Communication Software and Networks ({ICCSN})},
  date      = {2019-06},
  title     = {Research on End-to-End Security Authentication Protocol of {NB}-{IoT} for Smart Grid Based on Physical Unclonable Function},
  doi       = {10.1109/iccsn.2019.8905295},
  publisher = {{IEEE}},
  comment   = {Citations: 004},
  file      = {:/home/luisp/nextcloud/ba_pdfs/Lightweight Authentication Protocol_Liu_2019.pdf:PDF},
  owner     = {luisp},
}

@InProceedings{Jiang2019,
  author    = {Qi Jiang and Xin Zhang and Ning Zhang and Youliang Tian and Xindi Ma and Jianfeng Ma},
  booktitle = {2019 {IEEE}/{CIC} International Conference on Communications in China ({ICCC})},
  date      = {2019-08},
  title     = {Two-Factor Authentication Protocol Using Physical Unclonable Function for {IoV}},
  doi       = {10.1109/iccchina.2019.8855828},
  publisher = {{IEEE}},
  comment   = {Citations: 010},
  file      = {:/home/luisp/nextcloud/ba_pdfs/Two-Factor_Authentication_Protocol_Jiang_2019.pdf:PDF},
  owner     = {luisp},
  ranking   = {rank5},
}

@InProceedings{Jung2013,
  author    = {Seung Wook Jung and Souhwan Jung},
  booktitle = {The International Conference on Information Networking 2013 ({ICOIN})},
  date      = {2013-01},
  title     = {{HRP}: A {HMAC}-based {RFID} mutual authentication protocol using {PUF}},
  doi       = {10.1109/icoin.2013.6496690},
  publisher = {{IEEE}},
  comment   = {Citations: 011},
  file      = {:/home/luisp/nextcloud/ba_pdfs/HMAC-based_RFID_Authentication_Jung_2013.pdf:PDF},
  owner     = {luisp},
}

@Article{Gope2022,
  author       = {Prosanta Gope and Owen Millwood and Biplab Sikdar},
  date         = {2022-03},
  journaltitle = {{IEEE} Transactions on Industrial Informatics},
  title        = {A Scalable Protocol Level Approach to Prevent Machine Learning Attacks on Physically Unclonable Function Based Authentication Mechanisms for Internet of Medical Things},
  doi          = {10.1109/tii.2021.3096048},
  number       = {3},
  pages        = {1971--1980},
  volume       = {18},
  comment      = {Citations: 009},
  file         = {:/home/luisp/nextcloud/ba_pdfs/A_Scalable_Protocol_Level_Approach_to_Prevent_Machine_Learning_Attacks_on_Physically_Unclonable_Function_Based_Authentication_Mechanisms_for_Internet_of_Medical_Things_Gope_2022.pdf:PDF},
  owner        = {luisp},
  publisher    = {Institute of Electrical and Electronics Engineers ({IEEE})},
  ranking      = {rank5},
}

@InProceedings{Alipour2022,
  author    = {Amir Ali-pour and Fatemeh Afghah and David Hely and Vincent Beroulle and Giorgio Di Natale},
  booktitle = {2022 {IEEE} Computer Society Annual Symposium on {VLSI} ({ISVLSI})},
  date      = {2022-07},
  title     = {Secure {PUF}-based Authentication and Key Exchange Protocol using Machine Learning},
  doi       = {10.1109/isvlsi54635.2022.00086},
  publisher = {{IEEE}},
  comment   = {Citations: 000},
  file      = {:/home/luisp/nextcloud/ba_pdfs/Secure_PUF-based_Authentication_and_Key_Exchange_Protocol_using_Machine_Learning_Ali-pour_2022.pdf:PDF},
  owner     = {luisp},
}

@InProceedings{Ye2021,
  author    = {Qiao Ye and ZiWen Sun},
  booktitle = {2021 33rd Chinese Control and Decision Conference ({CCDC})},
  date      = {2021-05},
  title     = {Lightweight {RFID} Authentication Protocol for Cloud Services using {PUF} Encryption},
  doi       = {10.1109/ccdc52312.2021.9602061},
  publisher = {{IEEE}},
  comment   = {Citations: 000},
  file      = {:/home/luisp/nextcloud/ba_pdfs/Lightweight_RFID_Authentication_Protocol_for_Cloud_Services_using_PUF_Encryption_Qiao_2021.pdf:PDF},
  owner     = {luisp},
}

@Article{Wang2022,
  author       = {Yale Wang and Chenghua Wang and Chongyan Gu and Yijun Cui and Maire O{\textquotesingle}Neill and Weiqiang Liu},
  date         = {2022-09},
  journaltitle = {{IEEE} Transactions on Very Large Scale Integration ({VLSI}) Systems},
  title        = {A Generic Dynamic Responding Mechanism and Secure Authentication Protocol for Strong {PUFs}},
  doi          = {10.1109/tvlsi.2022.3189953},
  number       = {9},
  pages        = {1256--1268},
  volume       = {30},
  comment      = {Citations: 000},
  file         = {:/home/luisp/nextcloud/ba_pdfs/A_Generic_Dynamic_Responding_Mechanism_and_Secure_Authentication_Protocol_for_Strong_PUFs_Wang_2022.pdf:PDF},
  owner        = {luisp},
  publisher    = {Institute of Electrical and Electronics Engineers ({IEEE})},
}

@Article{Zhang2021,
  author       = {Yan Zhang and Bing Li and Bo Liu and Yuanyuan Hu and Haipeng Zheng},
  date         = {2021-09},
  journaltitle = {{IEEE} Internet of Things Journal},
  title        = {A Privacy-Aware {PUFs}-Based Multiserver Authentication Protocol in Cloud-Edge {IoT} Systems Using Blockchain},
  doi          = {10.1109/jiot.2021.3068410},
  number       = {18},
  pages        = {13958--13974},
  volume       = {8},
  comment      = {Not considered},
  owner        = {luisp},
  publisher    = {Institute of Electrical and Electronics Engineers ({IEEE})},
}

@Article{Yu2022,
  author       = {Sungjin Yu and Youngho Park},
  date         = {2022-10},
  journaltitle = {{IEEE} Internet of Things Journal},
  title        = {A Robust Authentication Protocol for Wireless Medical Sensor Networks Using Blockchain and Physically Unclonable Functions},
  doi          = {10.1109/jiot.2022.3171791},
  number       = {20},
  pages        = {20214--20228},
  volume       = {9},
  comment      = {Not considered},
  owner        = {luisp},
  publisher    = {Institute of Electrical and Electronics Engineers ({IEEE})},
}

@InCollection{Zerrouki2021,
  author    = {Fahem Zerrouki and Samir Ouchani and Hafida Bouarfa},
  booktitle = {Model and Data Engineering},
  date      = {2021},
  title     = {A Low-Cost Authentication Protocol Using Arbiter-{PUF}},
  doi       = {10.1007/978-3-030-78428-7_9},
  pages     = {101--116},
  publisher = {Springer International Publishing},
  comment   = {Citations: 002},
  file      = {:/home/luisp/nextcloud/ba_pdfs/Model_and_Data_Engineering_2021.pdf:PDF},
  owner     = {luisp},
}

@Article{An2022,
  author       = {Yang An and Yuejiao Zhang and Wenjun Cao and Zhiyan Tong and Zhangqing He},
  date         = {2022-03},
  journaltitle = {Electronics},
  title        = {A Lightweight and Practical Anonymous Authentication Protocol Based on Bit-Self-Test {PUF}},
  doi          = {10.3390/electronics11050772},
  number       = {5},
  pages        = {772},
  volume       = {11},
  comment      = {Citations: 012},
  file         = {:/home/luisp/nextcloud/ba_pdfs/Lightweight_Practical_Anonymous_Authentication_Protocol_An_2022.pdf:PDF},
  owner        = {luisp},
  publisher    = {{MDPI} {AG}},
}

@InCollection{Hristea2019,
  author    = {Cristian Hristea and Ferucio Lauren{\c{t}}iu {\c{T}}iplea},
  booktitle = {Innovative Security Solutions for Information Technology and Communications},
  date      = {2019},
  title     = {A {PUF}-Based Destructive Private Mutual Authentication {RFID} Protocol},
  doi       = {10.1007/978-3-030-12942-2_25},
  pages     = {331--343},
  publisher = {Springer International Publishing},
  comment   = {Citations: 004},
  file      = {:/home/luisp/nextcloud/ba_pdfs/PUF-based_destructive_mutual_authentication_RFID_protocol.pdf:PDF},
  owner     = {luisp},
  ranking   = {rank5},
}

@Article{Barbareschi2018,
  author       = {Mario Barbareschi and Alessandra De Benedictis and Nicola Mazzocca},
  date         = {2018-09},
  journaltitle = {Journal of Parallel and Distributed Computing},
  title        = {A {PUF}-based hardware mutual authentication protocol},
  doi          = {10.1016/j.jpdc.2018.04.007},
  pages        = {107--120},
  volume       = {119},
  comment      = {Citations: 023},
  file         = {:/home/luisp/nextcloud/ba_pdfs/PUF-based_hardware_mutual_authentication_protocol_barbareschi_2018.pdf:PDF},
  owner        = {luisp},
  publisher    = {Elsevier {BV}},
}

@InCollection{Aysu2015,
  author    = {Aydin Aysu and Ege Gulcan and Daisuke Moriyama and Patrick Schaumont and Moti Yung},
  booktitle = {Lecture Notes in Computer Science},
  date      = {2015},
  title     = {End-To-End Design of a {PUF}-Based Privacy Preserving Authentication Protocol},
  doi       = {10.1007/978-3-662-48324-4_28},
  pages     = {556--576},
  publisher = {Springer Berlin Heidelberg},
  comment   = {Citations: 041},
  file      = {:/home/luisp/nextcloud/ba_pdfs/PUF-based_Privacy_Preserving_Authentication_Protocol_Aysu_2015.pdf:PDF},
  owner     = {luisp},
}

@Article{Braeken2018,
  author       = {An Braeken},
  date         = {2018-08},
  journaltitle = {Symmetry},
  title        = {{PUF} Based Authentication Protocol for {IoT}},
  doi          = {10.3390/sym10080352},
  number       = {8},
  pages        = {352},
  volume       = {10},
  comment      = {Citations: 078},
  file         = {:/home/luisp/nextcloud/ba_pdfs/PUF-based_Authentication_Protocol_for_IoT_Braeken_2018.pdf:PDF},
  owner        = {luisp},
  publisher    = {{MDPI} {AG}},
  ranking      = {rank5},
}

@Article{Liang2019,
  author       = {Wei Liang and Songyou Xie and Jing Long and Kuan-Ching Li and Dafang Zhang and Keqin Li},
  date         = {2019-11},
  journaltitle = {Information Sciences},
  title        = {A double {PUF}-based {RFID} identity authentication protocol in service-centric internet of things environments},
  doi          = {10.1016/j.ins.2019.06.047},
  pages        = {129--147},
  volume       = {503},
  comment      = {Citations: 060},
  file         = {:/home/luisp/nextcloud/ba_pdfs/Double_PUF-based_Authentication_Protocol_Liang.pdf:PDF},
  owner        = {luisp},
  publisher    = {Elsevier {BV}},
  ranking      = {rank4},
}

@Article{Zhu2019,
  author       = {Feng Zhu and Peng Li and He Xu and Ruchuan Wang},
  date         = {2019-07},
  journaltitle = {Sensors},
  title        = {A Lightweight {RFID} Mutual Authentication Protocol with {PUF}},
  doi          = {10.3390/s19132957},
  number       = {13},
  pages        = {2957},
  volume       = {19},
  comment      = {Citations: 019},
  file         = {:/home/luisp/nextcloud/ba_pdfs/A_Lightweight_RFID_Mutual_Authentication_Protocol.pdf:PDF},
  owner        = {luisp},
  publisher    = {{MDPI} {AG}},
  ranking      = {rank5},
}

@Article{Lounis2021,
  author       = {Karim Lounis and Mohammad Zulkernine},
  date         = {2021-09},
  journaltitle = {Digital Threats: Research and Practice},
  title        = {Lessons Learned: Analysis of {PUF}-based Authentication Protocols for {IoT}},
  doi          = {10.1145/3487060},
  file         = {:/home/luisp/nextcloud/ba_pdfs/PUF_Auth_Protocol_Review_Lounis_2021.pdf:PDF},
  owner        = {luisp},
  publisher    = {Association for Computing Machinery ({ACM})},
}

@Book{Chatterjee2011,
  author    = {Sanjit Chatterjee and Palash Sarkar},
  date      = {2011},
  title     = {Identity-Based Encryption},
  doi       = {10.1007/978-1-4419-9383-0},
  publisher = {Springer {US}},
}

@Software{pypuf,
  author    = {Nils Wisiol and Christoph Gräbnitz and Christopher Mühl and Benjamin Zengin and Tudor Soroceanu and Niklas Pirnay and Khalid T. Mursi and Adomas Baliuka},
  title     = {{pypuf: Cryptanalysis of Physically Unclonable Functions}},
  doi       = {10.5281/zenodo.3901410},
  url       = {https://doi.org/10.5281/zenodo.3901410},
  version   = {v2},
  owner     = {luisp},
  publisher = {Zenodo},
  year      = {2021},
}

@Comment{jabref-meta: databaseType:biblatex;}
